<record><leader>00000cas a22000007a 4500</leader><controlfield tag="001">11761328</controlfield><controlfield tag="008">850304d18901890wiuwr ne      0    0eng d</controlfield><datafield ind1=" " ind2=" " tag="010"><subfield code="a">sn 85040207 </subfield></datafield><datafield ind1=" " ind2=" " tag="040"><subfield code="a">NPV</subfield><subfield code="b">eng</subfield><subfield code="c">NPV</subfield><subfield code="d">OCLCQ</subfield></datafield><datafield ind1=" " ind2=" " tag="042"><subfield code="a">msc</subfield></datafield><datafield ind1=" " ind2=" " tag="043"><subfield code="a">n-us-wi</subfield></datafield><datafield ind1=" " ind2=" " tag="045"><subfield code="a">w9w9</subfield></datafield><datafield ind1=" " ind2=" " tag="052"><subfield code="a">4123</subfield><subfield code="b">D7</subfield></datafield><datafield ind1="0" ind2=" " tag="130"><subfield code="a">Sunday morning call (Superior, Wis. : 1890)</subfield></datafield><datafield ind1="1" ind2="0" tag="245"><subfield code="a">Sunday morning call.</subfield></datafield><datafield ind1=" " ind2=" " tag="260"><subfield code="a">West Superior [i.e. Superior],, Wis. :</subfield><subfield code="b">Call Pub.</subfield></datafield><datafield ind1=" " ind2=" " tag="300"><subfield code="a">v. :</subfield><subfield code="b">ill.</subfield></datafield><datafield ind1=" " ind2=" " tag="310"><subfield code="a">Weekly</subfield></datafield><datafield ind1="1" ind2=" " tag="362"><subfield code="a">Began in June, 1890?</subfield></datafield><datafield ind1="1" ind2=" " tag="362"><subfield code="a">Ceased in Aug., 1890?</subfield></datafield><datafield ind1=" " ind2=" " tag="525"><subfield code="a">Supplements accompany some issues.</subfield></datafield><datafield ind1=" " ind2=" " tag="530"><subfield code="a">Available on microfilm from The State Historical Society of Wisconsin.</subfield></datafield><datafield ind1=" " ind2=" " tag="588"><subfield code="a">Description based on: Vol. 3, no. 49 (July 6, 1890).</subfield></datafield><datafield ind1=" " ind2=" " tag="752"><subfield code="a">United States</subfield><subfield code="b">Wisconsin</subfield><subfield code="c">Douglas</subfield><subfield code="d">Superior.</subfield></datafield><datafield ind1="0" ind2=" " tag="775"><subfield code="t">Superior daily call</subfield><subfield code="w">(DLC)sn 85040206</subfield></datafield><datafield ind1="0" ind2="0" tag="785"><subfield code="t">Saturday evening call</subfield><subfield code="w">(DLC)sn 85040208</subfield></datafield></record>